<record><leader>00000cas a22000007a 4500</leader><controlfield tag="001">16785253</controlfield><controlfield tag="008">870930d19411942iaudn ne      0    0eng d</controlfield><datafield ind1=" " ind2=" " tag="010"><subfield code="a">sn 87057889 </subfield></datafield><datafield ind1=" " ind2=" " tag="040"><subfield code="a">INP</subfield><subfield code="b">eng</subfield><subfield code="c">INP</subfield><subfield code="d">OCLCQ</subfield></datafield><datafield ind1=" " ind2=" " tag="042"><subfield code="a">msc</subfield></datafield><datafield ind1="0" ind2="4" tag="245"><subfield code="a">The Sioux City tribune and the Sioux City journal.</subfield></datafield><datafield ind1="1" ind2="7" tag="246"><subfield code="a">Sioux City tribune and journal</subfield></datafield><datafield ind1=" " ind2=" " tag="260"><subfield code="a">Sioux City, Ia. :</subfield><subfield code="b">Journal-Tribune Pub. Co.,</subfield><subfield code="c">1941-1942.</subfield></datafield><datafield ind1=" " ind2=" " tag="300"><subfield code="a">1 v.</subfield></datafield><datafield ind1=" " ind2=" " tag="310"><subfield code="a">Daily (except Sunday)</subfield></datafield><datafield ind1="0" ind2=" " tag="362"><subfield code="a">Vol. 1, no. 1 (Dec. 29, 1941)-v. 1, no. 7 (Jan. 5, 1942).</subfield></datafield><datafield ind1=" " ind2=" " tag="580"><subfield code="a">Formed by the merger of: Sioux City tribune (Sioux City, Iowa : 1929) and the evening ed. of: Sioux City journal (Sioux City, Iowa : 1887).</subfield></datafield><datafield ind1=" " ind2=" " tag="752"><subfield code="a">United States</subfield><subfield code="b">Iowa</subfield><subfield code="c">Woodbury</subfield><subfield code="d">Sioux City.</subfield></datafield><datafield ind1="1" ind2="4" tag="780"><subfield code="t">Sioux City tribune (Sioux City, Iowa : 1929)</subfield><subfield code="w">(DLC)sn 87057888</subfield></datafield><datafield ind1="1" ind2="4" tag="780"><subfield code="t">Sioux City journal (Sioux City, Iowa : 1887)</subfield><subfield code="w">(DLC)sn 87058082</subfield></datafield><datafield ind1="0" ind2="0" tag="785"><subfield code="t">Sioux City tribune-journal</subfield><subfield code="w">(DLC)sn 87057890</subfield></datafield></record>